<?xml version="1.0" encoding="UTF-8"?><record xmlns="http://www.loc.gov/MARC21/slim" xmlns:zs="http://docs.oasis-open.org/ns/search-ws/sruResponse">
  <leader>00967cam a22002771  4500</leader>
  <controlfield tag="001">6854872</controlfield>
  <controlfield tag="005">20050819174237.0</controlfield>
  <controlfield tag="008">731204s1923    nyu           000 1 eng  </controlfield>
  <datafield ind1=" " ind2=" " tag="035">
    <subfield code="9">(DLC)   23016414</subfield>
  </datafield>
  <datafield ind1=" " ind2=" " tag="906">
    <subfield code="a">7</subfield>
    <subfield code="b">cbc</subfield>
    <subfield code="c">oclcrpl</subfield>
    <subfield code="d">u</subfield>
    <subfield code="e">ncip</subfield>
    <subfield code="f">19</subfield>
    <subfield code="g">y-gencatlg</subfield>
  </datafield>
  <datafield ind1=" " ind2=" " tag="010">
    <subfield code="a">   23016414 </subfield>
  </datafield>
  <datafield ind1=" " ind2=" " tag="035">
    <subfield code="a">(OCoLC)753692</subfield>
  </datafield>
  <datafield ind1=" " ind2=" " tag="040">
    <subfield code="a">DLC</subfield>
    <subfield code="c">MWP</subfield>
    <subfield code="d">TNJ</subfield>
    <subfield code="d">DLC</subfield>
  </datafield>
  <datafield ind1="1" ind2=" " tag="041">
    <subfield code="a">eng</subfield>
    <subfield code="h">ice</subfield>
  </datafield>
  <datafield ind1=" " ind2=" " tag="042">
    <subfield code="a">premarc</subfield>
  </datafield>
  <datafield ind1="0" ind2="0" tag="050">
    <subfield code="a">PT7234.E5</subfield>
    <subfield code="b">B5</subfield>
  </datafield>
  <datafield ind1="0" ind2=" " tag="130">
    <subfield code="a">Edda Saemundar.</subfield>
  </datafield>
  <datafield ind1="1" ind2="4" tag="245">
    <subfield code="a">The poetic Edda,</subfield>
    <subfield code="c">translated from the Icelandic with an introduction and notes, by Henry Adams Bellows.</subfield>
  </datafield>
  <datafield ind1=" " ind2=" " tag="260">
    <subfield code="a">New York,</subfield>
    <subfield code="b">The American-Scandinavian Foundation,</subfield>
    <subfield code="c">1923.</subfield>
  </datafield>
  <datafield ind1=" " ind2=" " tag="300">
    <subfield code="a">2 v. in 1.</subfield>
    <subfield code="b">front. (facsim.)</subfield>
    <subfield code="c">20 cm.</subfield>
  </datafield>
  <datafield ind1=" " ind2="0" tag="440">
    <subfield code="a">Scandinavian classics,</subfield>
    <subfield code="v">21/22</subfield>
  </datafield>
  <datafield ind1=" " ind2=" " tag="500">
    <subfield code="a">Paged continuously.</subfield>
  </datafield>
  <datafield ind1="0" ind2=" " tag="505">
    <subfield code="a">I. Lays of the gods.--II. Lays of the heroes.</subfield>
  </datafield>
  <datafield ind1="1" ind2=" " tag="700">
    <subfield code="a">Bellows, Henry Adams,</subfield>
    <subfield code="d">1885-1939,</subfield>
    <subfield code="e">tr.</subfield>
  </datafield>
  <datafield ind1=" " ind2=" " tag="985">
    <subfield code="e">OCLC REPLACEMENT cdsdistr</subfield>
  </datafield>
  <datafield ind1=" " ind2=" " tag="991">
    <subfield code="b">c-GenColl</subfield>
    <subfield code="h">PT7234.E5</subfield>
    <subfield code="i">B5</subfield>
    <subfield code="t">Copy 1</subfield>
    <subfield code="w">OCLCREP</subfield>
  </datafield>
</record>
